<?xml version="1.0" encoding="UTF-8"?>
<?xml-stylesheet type="text/xsl" href="../xslt/yevmiye.xslt"?>
<edefter:defter xmlns:edefter="http://www.edefter.gov.tr"
                xmlns:xsi="http://www.w3.org/2001/XMLSchema-instance"
                xsi:schemaLocation="http://www.edefter.gov.tr ../xsd/edefter.xsd">
    <xbrli:xbrl xmlns:xbrli="http://www.xbrl.org/2003/instance"
                xmlns:iso639="http://www.xbrl.org/2005/iso639"
                xmlns:link="http://www.xbrl.org/2003/linkbase"
                xmlns:gl-bus="http://www.xbrl.org/int/gl/bus/2006-10-25"
                xmlns:xlink="http://www.w3.org/1999/xlink"
                xmlns:gl-cor="http://www.xbrl.org/int/gl/cor/2006-10-25"
                xmlns:gl-plt="http://www.xbrl.org/int/gl/plt/2006-10-25"
                xmlns:iso4217="http://www.xbrl.org/2003/iso4217"
                xsi:schemaLocation="http://www.xbrl.org/int/gl/plt/2006-10-25 ../xsd/2006-10-25/plt/case-c-b/gl-plt-2006-10-25.xsd">
        <link:schemaRef xlink:href="../xsd/2006-10-25/plt/case-c-b/gl-plt-2006-10-25.xsd"
                        xlink:type="simple"/>
        <xbrli:context id="journal_context">
            <xbrli:entity>
                <xbrli:identifier scheme="http://www.gib.gov.tr">1111111111</xbrli:identifier>
            </xbrli:entity>
            <xbrli:period>
                <xbrli:instant>2014-07-23</xbrli:instant>
            </xbrli:period>
        </xbrli:context>
        <xbrli:unit id="try">
            <xbrli:measure>iso4217:TRY</xbrli:measure>
        </xbrli:unit>
        <xbrli:unit id="countable">
            <xbrli:measure>xbrli:pure</xbrli:measure>
        </xbrli:unit>
        <gl-cor:accountingEntries>
            <gl-cor:documentInfo>
                <gl-cor:entriesType contextRef="journal_context">journal</gl-cor:entriesType>
                <gl-cor:uniqueID contextRef="journal_context">YEV2011040000</gl-cor:uniqueID>
                <gl-cor:language contextRef="journal_context">iso639:tr</gl-cor:language>
                <gl-cor:creationDate contextRef="journal_context">2014-07-23</gl-cor:creationDate>
                <gl-bus:creator contextRef="journal_context">Ziya Atma</gl-bus:creator>
                <gl-cor:entriesComment contextRef="journal_context">2011-06-01 / 2011-07-01 arası Kurum Unvanı firmasına ait Yevmiye Defteri
                </gl-cor:entriesComment>
                <gl-cor:periodCoveredStart contextRef="journal_context">2011-06-01</gl-cor:periodCoveredStart>
                <gl-cor:periodCoveredEnd contextRef="journal_context">2011-07-01</gl-cor:periodCoveredEnd>
                <gl-bus:sourceApplication contextRef="journal_context">6130734288##MEBITECH BİLİŞİM BİLGİSAYAR HİZ. DAN. SAN.TİC. LTD.
                    ŞTİ.##Medy##1.0.0
                </gl-bus:sourceApplication>
            </gl-cor:documentInfo>
            <gl-cor:entityInformation>
                <gl-bus:entityPhoneNumber>
                    <gl-bus:phoneNumberDescription contextRef="journal_context">Central</gl-bus:phoneNumberDescription>
                    <gl-bus:phoneNumber contextRef="journal_context">2242242323</gl-bus:phoneNumber>
                </gl-bus:entityPhoneNumber>
                <gl-bus:entityFaxNumberStructure>
                    <gl-bus:entityFaxNumber contextRef="journal_context">2242242323</gl-bus:entityFaxNumber>
                </gl-bus:entityFaxNumberStructure>
                <gl-bus:entityEmailAddressStructure>
                    <gl-bus:entityEmailAddress contextRef="journal_context">info@amebitech.com</gl-bus:entityEmailAddress>
                </gl-bus:entityEmailAddressStructure>
                <gl-bus:organizationIdentifiers>
                    <gl-bus:organizationIdentifier contextRef="journal_context">Mebitech NY</gl-bus:organizationIdentifier>
                    <gl-bus:organizationDescription contextRef="journal_context">Kurum Unvanı</gl-bus:organizationDescription>
                </gl-bus:organizationIdentifiers>
                <gl-bus:organizationAddress>
                    <gl-bus:organizationBuildingNumber contextRef="journal_context">1/12</gl-bus:organizationBuildingNumber>
                    <gl-bus:organizationAddressStreet contextRef="journal_context">Bird Street</gl-bus:organizationAddressStreet>
                    <gl-bus:organizationAddressStreet2 contextRef="journal_context">A Street. B district. NY</gl-bus:organizationAddressStreet2>
                    <gl-bus:organizationAddressCity contextRef="journal_context">New York</gl-bus:organizationAddressCity>
                    <gl-bus:organizationAddressZipOrPostalCode contextRef="journal_context">19090</gl-bus:organizationAddressZipOrPostalCode>
                    <gl-bus:organizationAddressCountry contextRef="journal_context">USA</gl-bus:organizationAddressCountry>
                </gl-bus:organizationAddress>
                <gl-bus:entityWebSite>
                    <gl-bus:webSiteURL contextRef="journal_context">www.mebitech.com</gl-bus:webSiteURL>
                </gl-bus:entityWebSite>
                <gl-bus:businessDescription contextRef="journal_context">12.14.12</gl-bus:businessDescription>
                <gl-bus:fiscalYearStart contextRef="journal_context">2011-2014-01-01</gl-bus:fiscalYearStart>
                <gl-bus:fiscalYearEnd contextRef="journal_context">2012-2014-12-31</gl-bus:fiscalYearEnd>
                <gl-bus:accountantInformation>
                    <gl-bus:accountantName contextRef="journal_context">SMM Ali Cenk</gl-bus:accountantName>
                    <gl-bus:accountantAddress>
                        <gl-bus:accountantBuildingNumber contextRef="journal_context">21/12</gl-bus:accountantBuildingNumber>
                        <gl-bus:accountantStreet contextRef="journal_context">Kadıköy</gl-bus:accountantStreet>
                        <gl-bus:accountantAddressStreet2 contextRef="journal_context">Kozyatağı cad.</gl-bus:accountantAddressStreet2>
                        <gl-bus:accountantCity contextRef="journal_context">İstanbul</gl-bus:accountantCity>
                        <gl-bus:accountantCountry contextRef="journal_context">Türkiye</gl-bus:accountantCountry>
                        <gl-bus:accountantZipOrPostalCode contextRef="journal_context">19090</gl-bus:accountantZipOrPostalCode>
                    </gl-bus:accountantAddress>
                    <gl-bus:accountantEngagementTypeDescription contextRef="journal_context">SMM Sözleşmesi,2014-07-23, A1234001
                    </gl-bus:accountantEngagementTypeDescription>
                    <gl-bus:accountantContactInformation>
                        <gl-bus:accountantContactPhone>
                            <gl-bus:accountantContactPhoneNumberDescription contextRef="journal_context">Central
                            </gl-bus:accountantContactPhoneNumberDescription>
                            <gl-bus:accountantContactPhoneNumber contextRef="journal_context">2231231231</gl-bus:accountantContactPhoneNumber>
                        </gl-bus:accountantContactPhone>
                        <gl-bus:accountantContactFax>
                            <gl-bus:accountantContactFaxNumber contextRef="journal_context">1231231231</gl-bus:accountantContactFaxNumber>
                        </gl-bus:accountantContactFax>
                        <gl-bus:accountantContactEmail>
                            <gl-bus:accountantContactEmailAddress contextRef="journal_context">cenkali@hotmail.com
                            </gl-bus:accountantContactEmailAddress>
                        </gl-bus:accountantContactEmail>
                    </gl-bus:accountantContactInformation>
                </gl-bus:accountantInformation>
                <gl-bus:accountantInformation>
                    <gl-bus:accountantName contextRef="journal_context">SM Seray Uzgur</gl-bus:accountantName>
                    <gl-bus:accountantAddress>
                        <gl-bus:accountantBuildingNumber contextRef="journal_context">21/12</gl-bus:accountantBuildingNumber>
                        <gl-bus:accountantStreet contextRef="journal_context">Kadıköy</gl-bus:accountantStreet>
                        <gl-bus:accountantAddressStreet2 contextRef="journal_context">Kadıköy cad.</gl-bus:accountantAddressStreet2>
                        <gl-bus:accountantCity contextRef="journal_context">İstanbul</gl-bus:accountantCity>
                        <gl-bus:accountantCountry contextRef="journal_context">Türkiye</gl-bus:accountantCountry>
                        <gl-bus:accountantZipOrPostalCode contextRef="journal_context">19090</gl-bus:accountantZipOrPostalCode>
                    </gl-bus:accountantAddress>
                    <gl-bus:accountantEngagementTypeDescription contextRef="journal_context">SM Sözlşmesi,2014-07-23, A1234001
                    </gl-bus:accountantEngagementTypeDescription>
                    <gl-bus:accountantContactInformation>
                        <gl-bus:accountantContactPhone>
                            <gl-bus:accountantContactPhoneNumberDescription contextRef="journal_context">Central
                            </gl-bus:accountantContactPhoneNumberDescription>
                            <gl-bus:accountantContactPhoneNumber contextRef="journal_context">2231231231</gl-bus:accountantContactPhoneNumber>
                        </gl-bus:accountantContactPhone>
                        <gl-bus:accountantContactFax>
                            <gl-bus:accountantContactFaxNumber contextRef="journal_context">1231231231</gl-bus:accountantContactFaxNumber>
                        </gl-bus:accountantContactFax>
                        <gl-bus:accountantContactEmail>
                            <gl-bus:accountantContactEmailAddress contextRef="journal_context">seray@hotmail.com
                            </gl-bus:accountantContactEmailAddress>
                        </gl-bus:accountantContactEmail>
                    </gl-bus:accountantContactInformation>
                </gl-bus:accountantInformation>

            </gl-cor:entityInformation>
            <gl-cor:entryHeader>
                <gl-cor:enteredBy contextRef="journal_context">NB 714</gl-cor:enteredBy>
                <gl-cor:enteredDate contextRef="journal_context">2011-06-01</gl-cor:enteredDate>
                <gl-cor:entryNumber contextRef="journal_context">352647</gl-cor:entryNumber>
                <gl-cor:entryComment contextRef="journal_context">Reversal</gl-cor:entryComment>
                <gl-bus:batchID contextRef="journal_context">00001</gl-bus:batchID>
                <gl-bus:batchDescription contextRef="journal_context">A Branch</gl-bus:batchDescription>
                <gl-bus:totalDebit contextRef="journal_context" decimals="INF" unitRef="try">35.66</gl-bus:totalDebit>
                <gl-bus:totalCredit contextRef="journal_context" decimals="INF" unitRef="try">35.66</gl-bus:totalCredit>
                <gl-cor:entryNumberCounter contextRef="journal_context" decimals="INF" unitRef="countable">1101</gl-cor:entryNumberCounter>
                <gl-cor:entryDetail>
                    <gl-cor:lineNumber contextRef="journal_context">3439</gl-cor:lineNumber>
                    <gl-cor:lineNumberCounter contextRef="journal_context" decimals="INF" unitRef="countable">1101</gl-cor:lineNumberCounter>
                    <gl-cor:account>
                        <gl-cor:accountMainID contextRef="journal_context">600</gl-cor:accountMainID>
                        <gl-cor:accountMainDescription contextRef="journal_context">REVENUES CORP.</gl-cor:accountMainDescription>
                        <gl-cor:accountSub>
                            <gl-cor:accountSubDescription contextRef="journal_context">LOKAL GELIRLER (CORP.)</gl-cor:accountSubDescription>
                            <gl-cor:accountSubID contextRef="journal_context">6008701</gl-cor:accountSubID>
                        </gl-cor:accountSub>
                    </gl-cor:account>
                    <gl-cor:amount contextRef="journal_context" decimals="INF" unitRef="try">0.66</gl-cor:amount>
                    <gl-cor:debitCreditCode contextRef="journal_context">C</gl-cor:debitCreditCode>
                    <gl-cor:postingDate contextRef="journal_context">2011-06-01</gl-cor:postingDate>
                    <gl-cor:documentType contextRef="journal_context">invoice</gl-cor:documentType>
                    <gl-cor:documentNumber contextRef="journal_context">ISNT7869</gl-cor:documentNumber>
                    <gl-cor:documentReference contextRef="journal_context">352647</gl-cor:documentReference>
                    <gl-cor:documentDate contextRef="journal_context">2011-06-01</gl-cor:documentDate>
                </gl-cor:entryDetail>
                <gl-cor:entryDetail>
                    <gl-cor:lineNumber contextRef="journal_context">3440</gl-cor:lineNumber>
                    <gl-cor:lineNumberCounter contextRef="journal_context" decimals="INF" unitRef="countable">1101</gl-cor:lineNumberCounter>
                    <gl-cor:account>
                        <gl-cor:accountMainID contextRef="journal_context">120</gl-cor:accountMainID>
                        <gl-cor:accountMainDescription contextRef="journal_context">ALICILAR</gl-cor:accountMainDescription>
                        <gl-cor:accountSub>
                            <gl-cor:accountSubDescription contextRef="journal_context">TRANS OKYANUS DEN.ULS.TAS.DIS</gl-cor:accountSubDescription>
                            <gl-cor:accountSubID contextRef="journal_context">1200000</gl-cor:accountSubID>
                        </gl-cor:accountSub>
                    </gl-cor:account>
                    <gl-cor:amount contextRef="journal_context" decimals="INF" unitRef="try">0.66</gl-cor:amount>
                    <gl-cor:debitCreditCode contextRef="journal_context">D</gl-cor:debitCreditCode>
                    <gl-cor:postingDate contextRef="journal_context">2011-06-01</gl-cor:postingDate>
                    <gl-cor:documentType contextRef="journal_context">invoice</gl-cor:documentType>
                    <gl-cor:documentNumber contextRef="journal_context">ISNT7869</gl-cor:documentNumber>
                    <gl-cor:documentReference contextRef="journal_context">352647</gl-cor:documentReference>
                    <gl-cor:documentDate contextRef="journal_context">2011-06-01</gl-cor:documentDate>
                </gl-cor:entryDetail>
                <gl-cor:entryDetail>
                    <gl-cor:lineNumber contextRef="journal_context">3441</gl-cor:lineNumber>
                    <gl-cor:lineNumberCounter contextRef="journal_context" decimals="INF" unitRef="countable">1101</gl-cor:lineNumberCounter>
                    <gl-cor:account>
                        <gl-cor:accountMainID contextRef="journal_context">600</gl-cor:accountMainID>
                        <gl-cor:accountMainDescription contextRef="journal_context">REVENUES CORP.</gl-cor:accountMainDescription>
                        <gl-cor:accountSub>
                            <gl-cor:accountSubDescription contextRef="journal_context">LOKAL GELIRLER (CORP.)</gl-cor:accountSubDescription>
                            <gl-cor:accountSubID contextRef="journal_context">6008701</gl-cor:accountSubID>
                        </gl-cor:accountSub>
                    </gl-cor:account>
                    <gl-cor:amount contextRef="journal_context" decimals="INF" unitRef="try">35.00</gl-cor:amount>
                    <gl-cor:debitCreditCode contextRef="journal_context">C</gl-cor:debitCreditCode>
                    <gl-cor:postingDate contextRef="journal_context">2011-06-01</gl-cor:postingDate>
                    <gl-cor:documentType contextRef="journal_context">invoice</gl-cor:documentType>
                    <gl-cor:documentNumber contextRef="journal_context">ISNT7869</gl-cor:documentNumber>
                    <gl-cor:documentReference contextRef="journal_context">352647</gl-cor:documentReference>
                    <gl-cor:documentDate contextRef="journal_context">2011-06-01</gl-cor:documentDate>
                </gl-cor:entryDetail>
                <gl-cor:entryDetail>
                    <gl-cor:lineNumber contextRef="journal_context">3442</gl-cor:lineNumber>
                    <gl-cor:lineNumberCounter contextRef="journal_context" decimals="INF" unitRef="countable">1101</gl-cor:lineNumberCounter>
                    <gl-cor:account>
                        <gl-cor:accountMainID contextRef="journal_context">600</gl-cor:accountMainID>
                        <gl-cor:accountMainDescription contextRef="journal_context">REVENUES CORP.</gl-cor:accountMainDescription>
                        <gl-cor:accountSub>
                            <gl-cor:accountSubDescription contextRef="journal_context">LOKAL GELIRLER (CORP.)</gl-cor:accountSubDescription>
                            <gl-cor:accountSubID contextRef="journal_context">6008701</gl-cor:accountSubID>
                        </gl-cor:accountSub>
                    </gl-cor:account>
                    <gl-cor:amount contextRef="journal_context" decimals="INF" unitRef="try">35.00</gl-cor:amount>
                    <gl-cor:debitCreditCode contextRef="journal_context">D</gl-cor:debitCreditCode>
                    <gl-cor:postingDate contextRef="journal_context">2011-06-01</gl-cor:postingDate>
                    <gl-cor:documentType contextRef="journal_context">invoice</gl-cor:documentType>
                    <gl-cor:documentNumber contextRef="journal_context">ISNT7869</gl-cor:documentNumber>
                    <gl-cor:documentReference contextRef="journal_context">352647</gl-cor:documentReference>
                    <gl-cor:documentDate contextRef="journal_context">2011-06-01</gl-cor:documentDate>
                </gl-cor:entryDetail>

            </gl-cor:entryHeader>

            <gl-cor:entryHeader>
                <gl-cor:enteredBy contextRef="journal_context">NB 714</gl-cor:enteredBy>
                <gl-cor:enteredDate contextRef="journal_context">2011-06-01</gl-cor:enteredDate>
                <gl-cor:entryNumber contextRef="journal_context">352647</gl-cor:entryNumber>
                <gl-cor:entryComment contextRef="journal_context">Reversal</gl-cor:entryComment>
                <gl-bus:batchID contextRef="journal_context">00001</gl-bus:batchID>
                <gl-bus:batchDescription contextRef="journal_context">A Branch</gl-bus:batchDescription>
                <gl-bus:totalDebit contextRef="journal_context" decimals="INF" unitRef="try">35.66</gl-bus:totalDebit>
                <gl-bus:totalCredit contextRef="journal_context" decimals="INF" unitRef="try">35.66</gl-bus:totalCredit>
                <gl-cor:entryNumberCounter contextRef="journal_context" decimals="INF" unitRef="countable">1102</gl-cor:entryNumberCounter>
                <gl-cor:entryDetail>
                    <gl-cor:lineNumber contextRef="journal_context">3443</gl-cor:lineNumber>
                    <gl-cor:lineNumberCounter contextRef="journal_context" decimals="INF" unitRef="countable">1102</gl-cor:lineNumberCounter>
                    <gl-cor:account>
                        <gl-cor:accountMainID contextRef="journal_context">600</gl-cor:accountMainID>
                        <gl-cor:accountMainDescription contextRef="journal_context">REVENUES CORP.</gl-cor:accountMainDescription>
                        <gl-cor:accountSub>
                            <gl-cor:accountSubDescription contextRef="journal_context">LOKAL GELIRLER (CORP.)</gl-cor:accountSubDescription>
                            <gl-cor:accountSubID contextRef="journal_context">6008701</gl-cor:accountSubID>
                        </gl-cor:accountSub>
                    </gl-cor:account>
                    <gl-cor:amount contextRef="journal_context" decimals="INF" unitRef="try">0.66</gl-cor:amount>
                    <gl-cor:debitCreditCode contextRef="journal_context">C</gl-cor:debitCreditCode>
                    <gl-cor:postingDate contextRef="journal_context">2011-06-01</gl-cor:postingDate>
                    <gl-cor:documentType contextRef="journal_context">invoice</gl-cor:documentType>
                    <gl-cor:documentNumber contextRef="journal_context">ISNT7869</gl-cor:documentNumber>
                    <gl-cor:documentReference contextRef="journal_context">352647</gl-cor:documentReference>
                    <gl-cor:documentDate contextRef="journal_context">2011-06-01</gl-cor:documentDate>
                </gl-cor:entryDetail>
                <gl-cor:entryDetail>
                    <gl-cor:lineNumber contextRef="journal_context">3444</gl-cor:lineNumber>
                    <gl-cor:lineNumberCounter contextRef="journal_context" decimals="INF" unitRef="countable">1102</gl-cor:lineNumberCounter>
                    <gl-cor:account>
                        <gl-cor:accountMainID contextRef="journal_context">120</gl-cor:accountMainID>
                        <gl-cor:accountMainDescription contextRef="journal_context">ALICILAR</gl-cor:accountMainDescription>
                        <gl-cor:accountSub>
                            <gl-cor:accountSubDescription contextRef="journal_context">TRANS OKYANUS DEN.ULS.TAS.DIS</gl-cor:accountSubDescription>
                            <gl-cor:accountSubID contextRef="journal_context">1200000</gl-cor:accountSubID>
                        </gl-cor:accountSub>
                    </gl-cor:account>
                    <gl-cor:amount contextRef="journal_context" decimals="INF" unitRef="try">0.66</gl-cor:amount>
                    <gl-cor:debitCreditCode contextRef="journal_context">D</gl-cor:debitCreditCode>
                    <gl-cor:postingDate contextRef="journal_context">2011-06-01</gl-cor:postingDate>
                    <gl-cor:documentType contextRef="journal_context">invoice</gl-cor:documentType>
                    <gl-cor:documentNumber contextRef="journal_context">ISNT7869</gl-cor:documentNumber>
                    <gl-cor:documentReference contextRef="journal_context">352647</gl-cor:documentReference>
                    <gl-cor:documentDate contextRef="journal_context">2011-06-01</gl-cor:documentDate>
                </gl-cor:entryDetail>
                <gl-cor:entryDetail>
                    <gl-cor:lineNumber contextRef="journal_context">3445</gl-cor:lineNumber>
                    <gl-cor:lineNumberCounter contextRef="journal_context" decimals="INF" unitRef="countable">1102</gl-cor:lineNumberCounter>
                    <gl-cor:account>
                        <gl-cor:accountMainID contextRef="journal_context">600</gl-cor:accountMainID>
                        <gl-cor:accountMainDescription contextRef="journal_context">REVENUES CORP.</gl-cor:accountMainDescription>
                        <gl-cor:accountSub>
                            <gl-cor:accountSubDescription contextRef="journal_context">LOKAL GELIRLER (CORP.)</gl-cor:accountSubDescription>
                            <gl-cor:accountSubID contextRef="journal_context">6008701</gl-cor:accountSubID>
                        </gl-cor:accountSub>
                    </gl-cor:account>
                    <gl-cor:amount contextRef="journal_context" decimals="INF" unitRef="try">35.00</gl-cor:amount>
                    <gl-cor:debitCreditCode contextRef="journal_context">C</gl-cor:debitCreditCode>
                    <gl-cor:postingDate contextRef="journal_context">2011-06-01</gl-cor:postingDate>
                    <gl-cor:documentType contextRef="journal_context">invoice</gl-cor:documentType>
                    <gl-cor:documentNumber contextRef="journal_context">ISNT7869</gl-cor:documentNumber>
                    <gl-cor:documentReference contextRef="journal_context">352647</gl-cor:documentReference>
                    <gl-cor:documentDate contextRef="journal_context">2011-06-01</gl-cor:documentDate>
                </gl-cor:entryDetail>
                <gl-cor:entryDetail>
                    <gl-cor:lineNumber contextRef="journal_context">3446</gl-cor:lineNumber>
                    <gl-cor:lineNumberCounter contextRef="journal_context" decimals="INF" unitRef="countable">1102</gl-cor:lineNumberCounter>
                    <gl-cor:account>
                        <gl-cor:accountMainID contextRef="journal_context">600</gl-cor:accountMainID>
                        <gl-cor:accountMainDescription contextRef="journal_context">REVENUES CORP.</gl-cor:accountMainDescription>
                        <gl-cor:accountSub>
                            <gl-cor:accountSubDescription contextRef="journal_context">LOKAL GELIRLER (CORP.)</gl-cor:accountSubDescription>
                            <gl-cor:accountSubID contextRef="journal_context">6008701</gl-cor:accountSubID>
                        </gl-cor:accountSub>
                    </gl-cor:account>
                    <gl-cor:amount contextRef="journal_context" decimals="INF" unitRef="try">35.00</gl-cor:amount>
                    <gl-cor:debitCreditCode contextRef="journal_context">D</gl-cor:debitCreditCode>
                    <gl-cor:postingDate contextRef="journal_context">2011-06-01</gl-cor:postingDate>
                    <gl-cor:documentType contextRef="journal_context">invoice</gl-cor:documentType>
                    <gl-cor:documentNumber contextRef="journal_context">ISNT7869</gl-cor:documentNumber>
                    <gl-cor:documentReference contextRef="journal_context">352647</gl-cor:documentReference>
                    <gl-cor:documentDate contextRef="journal_context">2011-06-01</gl-cor:documentDate>
                </gl-cor:entryDetail>

            </gl-cor:entryHeader>

        </gl-cor:accountingEntries>
    </xbrli:xbrl>
</edefter:defter>
